<?xml version="1.0" encoding="UTF-8"?>
<collection xmlns="http://www.loc.gov/MARC21/slim">
    
    <!-- box -->
    <record>
        <leader>00928cam a2200229 a 4500</leader>
        <controlfield tag="001">abox</controlfield>
        <controlfield tag="008">870909s1986    enka          000 0 eng d</controlfield>
        <datafield tag="245" ind1="0" ind2="0">
            <subfield code="a">box from 6076057</subfield>
        </datafield>
        <datafield tag="999" ind1=" " ind2=" ">
            <subfield code="a">M1522 BOX 1</subfield>
            <subfield code="w">ALPHANUM</subfield>
            <subfield code="i">36105115680386</subfield>
            <subfield code="l">MSS-30</subfield>
            <subfield code="m">SPEC-COLL</subfield>
            <subfield code="t">NONCIRC</subfield>
        </datafield>
        <datafield tag="999" ind1=" " ind2=" ">
            <subfield code="a">M1522 BOX 2</subfield>
            <subfield code="w">ALPHANUM</subfield>
            <subfield code="i">36105115680386</subfield>
            <subfield code="l">MSS-30</subfield>
            <subfield code="m">SPEC-COLL</subfield>
            <subfield code="t">NONCIRC</subfield>
        </datafield>
    </record>