
    
    <!-- letter at end of cutter LC Serial-->
    <record>
        <leader>01952cas  2200457Ia 45í0</leader>
        <controlfield tag="001">acutterEndsLetLCSerial</controlfield>
        <controlfield tag="008">780930m19391944nyu   p       000 v eng d</controlfield>
        <datafield tag="245" ind1="1" ind2="3">
            <subfield code="a">letter at end of cutter LC SERIAL from 5621049</subfield>
        </datafield>
        <datafield tag="999" ind1=" " ind2=" ">
            <subfield code="a">TX519 .D26S 1954 V.1</subfield>
            <subfield code="w">LC</subfield>
            <subfield code="i">36105049317899</subfield>
            <subfield code="l">STACKS</subfield>
            <subfield code="m">EDUCATION</subfield>
            <subfield code="t">STKS-MONO</subfield>
        </datafield>
        <datafield tag="999" ind1=" " ind2=" ">
            <subfield code="a">TX519 .D26S 1954 V.2</subfield>
            <subfield code="w">LC</subfield>
            <subfield code="i">36105049317907</subfield>
            <subfield code="l">STACKS</subfield>
            <subfield code="m">EDUCATION</subfield>
            <subfield code="t">STKS-MONO</subfield>
        </datafield>
    </record>