
    
<!-- flat box -->
    <record>
        <leader>00928cam a2200229 a 4500</leader>
        <controlfield tag="001">aflatBox</controlfield>
        <controlfield tag="008">870909s1986    enka          000 0 eng d</controlfield>
        <datafield tag="245" ind1="0" ind2="0">
            <subfield code="a">flat box from 6076057</subfield>
        </datafield>
        <datafield tag="999" ind1=" " ind2=" ">
            <subfield code="a">M1522 FLAT BOX 17</subfield>
            <subfield code="w">ALPHANUM</subfield>
            <subfield code="c">1</subfield>
            <subfield code="i">36105115690641</subfield>
            <subfield code="l">MSS-30</subfield>
            <subfield code="m">SPEC-COLL</subfield>
            <subfield code="t">NONCIRC</subfield>
        </datafield>
        <datafield tag="999" ind1=" " ind2=" ">
            <subfield code="a">M1522 FLAT BOX 18</subfield>
            <subfield code="w">ALPHANUM</subfield>
            <subfield code="c">1</subfield>
            <subfield code="i">36105115690641</subfield>
            <subfield code="l">MSS-30</subfield>
            <subfield code="m">SPEC-COLL</subfield>
            <subfield code="t">NONCIRC</subfield>
        </datafield>
    </record>