
    
    <!-- gov doc calif -->
    <record>
        <leader>00928cam a2200229 a 4500</leader>
        <controlfield tag="001">agovDocCalif1</controlfield>
        <controlfield tag="008">870909s1986    enka          000 0 eng d</controlfield>
        <datafield tag="245" ind1="0" ind2="0">
            <subfield code="a">gov doc Calif from 4460732</subfield>
        </datafield>
        <datafield tag="999" ind1=" " ind2=" ">
            <subfield code="a">CALIF T900 .J6</subfield>
            <subfield code="w">ALPHANUM</subfield>
            <subfield code="c">1</subfield>
            <subfield code="i">4460732-2001</subfield>
            <subfield code="l">CALIF-DOCS</subfield>
            <subfield code="m">GREEN</subfield>
            <subfield code="t">GOVSTKS</subfield>
        </datafield>
        <datafield tag="999" ind1=" " ind2=" ">
            <subfield code="a">CALIF T900 .J6 V.1-2</subfield>
            <subfield code="w">ALPHANUM</subfield>
            <subfield code="c">1</subfield>
            <subfield code="i">36105123936382</subfield>
            <subfield code="l">CALIF-DOCS</subfield>
            <subfield code="m">GREEN</subfield>
            <subfield code="t">GOVSTKS</subfield>
        </datafield>
    </record>