
   
    <!-- index -->
    <record>
        <leader>00928cam a2200229 a 4500</leader>
        <controlfield tag="001">aindex</controlfield>
        <controlfield tag="008">870909s1986    enka          000 0 eng d</controlfield>
        <datafield tag="245" ind1="0" ind2="0">
            <subfield code="a">index from 463598</subfield>
        </datafield>
        <datafield tag="999" ind1=" " ind2=" ">
            <subfield code="a">ML1 .I614 INDEX 1969-1986</subfield>
            <subfield code="w">LCPER</subfield>
            <subfield code="c">1</subfield>
            <subfield code="i">36105006679893</subfield>
            <subfield code="l">R-STACKS</subfield>
            <subfield code="m">MUSIC</subfield>
            <subfield code="t">NH-7DAY</subfield>
        </datafield>
        <datafield tag="999" ind1=" " ind2=" ">
            <subfield code="a">ML1 .I614 INDEX 1969-1988</subfield>
            <subfield code="w">LCPER</subfield>
            <subfield code="c">1</subfield>
            <subfield code="i">36105006679901</subfield>
            <subfield code="l">R-STACKS</subfield>
            <subfield code="m">MUSIC</subfield>
            <subfield code="t">NH-7DAY</subfield>
        </datafield>
    </record>