

    <!-- mfilm reel -->
    <record>
        <leader>00928cam a2200229 a 4500</leader>
        <controlfield tag="001">amfilmReel</controlfield>
        <controlfield tag="008">870909s1986    enka          000 0 eng d</controlfield>
        <datafield tag="245" ind1="0" ind2="0">
            <subfield code="a">mfilm reel from 6993357</subfield>
        </datafield>
        <datafield tag="999" ind1=" " ind2=" ">
            <subfield code="a">CD3031 .A35 T-60 MFILM REEL 3</subfield>
            <subfield code="w">ALPHANUM</subfield>
            <subfield code="c">1</subfield>
            <subfield code="i">36105073572195</subfield>
            <subfield code="l">MICROFILM</subfield>
            <subfield code="m">HOOVER</subfield>
            <subfield code="t">MFILM</subfield>
        </datafield>
        <datafield tag="999" ind1=" " ind2=" ">
            <subfield code="a">CD3031 .A35 T-60 MFILM REEL 4</subfield>
            <subfield code="w">ALPHANUM</subfield>
            <subfield code="c">1</subfield>
            <subfield code="i">36105073572203</subfield>
            <subfield code="l">MICROFILM</subfield>
            <subfield code="m">HOOVER</subfield>
            <subfield code="t">MFILM</subfield>
        </datafield>
    </record>