

    <!-- months -->
    <record>
        <leader>01139cam a2200229 i 4500</leader>
        <controlfield tag="001">aMonths</controlfield>
        <controlfield tag="008">790220||||||||||||           ||| | eng  </controlfield>
        <datafield tag="245" ind1="1" ind2="2">
            <subfield code="a">Months as suffixes from 6747599</subfield>
        </datafield>
        <datafield tag="999" ind1=" " ind2=" ">
            <subfield code="a">BM198.2 .H85</subfield>
            <subfield code="w">LCPER</subfield>
            <subfield code="i">6747599-1001</subfield>
            <subfield code="l">SEE-OTHER</subfield>
            <subfield code="m">SAL3</subfield>
            <subfield code="t">STKS-PERI</subfield>
        </datafield>
        <datafield tag="999" ind1=" " ind2=" ">
            <subfield code="a">BM198.2 .H85 OCT 2006</subfield>
            <subfield code="w">LCPER</subfield>
            <subfield code="i">36105127767619</subfield>
            <subfield code="l">STACKS</subfield>
            <subfield code="m">SAL3</subfield>
            <subfield code="t">STKS-PERI</subfield>
        </datafield>
        <datafield tag="999" ind1=" " ind2=" ">
            <subfield code="a">BM198.2 .H85 NOV 2006</subfield>
            <subfield code="w">LCPER</subfield>
            <subfield code="i">36105127767627</subfield>
            <subfield code="l">STACKS</subfield>
            <subfield code="m">SAL3</subfield>
            <subfield code="t">STKS-PERI</subfield>
        </datafield>
        <datafield tag="999" ind1=" " ind2=" ">
            <subfield code="a">BM198.2 .H85 DEC 2006</subfield>
            <subfield code="w">LCPER</subfield>
            <subfield code="i">36105127767635</subfield>
            <subfield code="l">STACKS</subfield>
            <subfield code="m">SAL3</subfield>
            <subfield code="t">STKS-PERI</subfield>
        </datafield>
        <datafield tag="999" ind1=" " ind2=" ">
            <subfield code="a">BM198.2 .H85 JAN 2007</subfield>
            <subfield code="w">LCPER</subfield>
            <subfield code="i">36105127767643</subfield>
            <subfield code="l">STACKS</subfield>
            <subfield code="m">SAL3</subfield>
            <subfield code="t">STKS-PERI</subfield>
        </datafield>
        <datafield tag="999" ind1=" " ind2=" ">
            <subfield code="a">BM198.2 .H85 FEB 2007</subfield>
            <subfield code="w">LCPER</subfield>
            <subfield code="i">36105127767650</subfield>
            <subfield code="l">STACKS</subfield>
            <subfield code="m">SAL3</subfield>
            <subfield code="t">STKS-PERI</subfield>
        </datafield>
        <datafield tag="999" ind1=" " ind2=" ">
            <subfield code="a">BM198.2 .H85 MAR 2007</subfield>
            <subfield code="w">LCPER</subfield>
            <subfield code="i">36105127767668</subfield>
            <subfield code="l">STACKS</subfield>
            <subfield code="m">SAL3</subfield>
            <subfield code="t">STKS-PERI</subfield>
        </datafield>
        <datafield tag="999" ind1=" " ind2=" ">
            <subfield code="a">BM198.2 .H85 APR 2007</subfield>
            <subfield code="w">LCPER</subfield>
            <subfield code="i">36105122104107</subfield>
            <subfield code="l">STACKS</subfield>
            <subfield code="m">SAL3</subfield>
            <subfield code="t">STKS-PERI</subfield>
        </datafield>
        <datafield tag="999" ind1=" " ind2=" ">
            <subfield code="a">BM198.2 .H85 MAY 2007</subfield>
            <subfield code="w">LCPER</subfield>
            <subfield code="i">36105122104115</subfield>
            <subfield code="l">STACKS</subfield>
            <subfield code="m">SAL3</subfield>
            <subfield code="t">STKS-PERI</subfield>
        </datafield>
        <datafield tag="999" ind1=" " ind2=" ">
            <subfield code="a">BM198.2 .H85 JUN 2007</subfield>
            <subfield code="w">LCPER</subfield>
            <subfield code="c">1</subfield>
            <subfield code="i">36105122104123</subfield>
            <subfield code="l">STACKS</subfield>
            <subfield code="m">SAL3</subfield>
            <subfield code="t">STKS-PERI</subfield>
        </datafield>
        <datafield tag="999" ind1=" " ind2=" ">
            <subfield code="a">BM198.2 .H85 JUL 2007</subfield>
            <subfield code="w">LCPER</subfield>
            <subfield code="c">1</subfield>
            <subfield code="i">36105122104124</subfield>
            <subfield code="l">STACKS</subfield>
            <subfield code="m">SAL3</subfield>
            <subfield code="t">STKS-PERI</subfield>
        </datafield>
        <datafield tag="999" ind1=" " ind2=" ">
            <subfield code="a">BM198.2 .H85 AUG 2007</subfield>
            <subfield code="w">LCPER</subfield>
            <subfield code="c">1</subfield>
            <subfield code="i">36105122104125</subfield>
            <subfield code="l">STACKS</subfield>
            <subfield code="m">SAL3</subfield>
            <subfield code="t">STKS-PERI</subfield>
        </datafield>
        <datafield tag="999" ind1=" " ind2=" ">
            <subfield code="a">BM198.2 .H85 SEP 2007</subfield>
            <subfield code="w">LCPER</subfield>
            <subfield code="c">1</subfield>
            <subfield code="i">36105122104126</subfield>
            <subfield code="l">STACKS</subfield>
            <subfield code="m">SAL3</subfield>
            <subfield code="t">STKS-PERI</subfield>
        </datafield>
    </record>