
    <!-- series box -->
    <record>
        <leader>00947cam a2200265 a 4500</leader>
        <controlfield tag="001">aseriesBox2</controlfield>
        <controlfield tag="008">891204s1990    ru            000 0 rus  </controlfield>
        <datafield tag="245" ind1="1" ind2="0">
            <subfield code="a">series box from 4332640</subfield>
        </datafield>
        <datafield tag="999" ind1=" " ind2=" ">
            <subfield code="a">M1090 SERIES 17 BOX 234</subfield>
            <subfield code="w">ALPHANUM</subfield>
            <subfield code="c">1</subfield>
            <subfield code="i">36105116169512</subfield>
            <subfield code="l">UARCH-30</subfield>
            <subfield code="m">SPEC-COLL</subfield>
            <subfield code="t">NONCIRC</subfield>
        </datafield>
        <datafield tag="999" ind1=" " ind2=" ">
            <subfield code="a">M1090 SERIES 19 MODEL 124</subfield>
            <subfield code="w">ALPHANUM</subfield>
            <subfield code="c">1</subfield>
            <subfield code="i">36105116165783</subfield>
            <subfield code="l">UARCH-30</subfield>
            <subfield code="m">SPEC-COLL</subfield>
            <subfield code="t">NONCIRC</subfield>
        </datafield>
        <datafield tag="999" ind1=" " ind2=" ">
            <subfield code="a">M1090 SERIES 24 BOX 1</subfield>
            <subfield code="w">ALPHANUM</subfield>
            <subfield code="c">1</subfield>
            <subfield code="i">36105115652104</subfield>
            <subfield code="l">UARCH-30</subfield>
            <subfield code="m">SPEC-COLL</subfield>
            <subfield code="t">NONCIRC</subfield>
        </datafield>
    </record>