
<!-- 4 digit year NON-serial -->
    <record>
        <leader>00928cam a2200229 a 4500</leader>
        <controlfield tag="001">ayear4digitNonSerial</controlfield>
        <controlfield tag="008">870909s1986    enka          000 0 eng d</controlfield>
        <datafield tag="245" ind1="0" ind2="0">
            <subfield code="a">Non-Serial: year 4 digit from 356476</subfield>
        </datafield>
        <datafield tag="999" ind1=" " ind2=" ">
            <subfield code="a">QD1 .C59 1975:P.1-742</subfield>
            <subfield code="w">LCPER</subfield>
            <subfield code="c">1</subfield>
            <subfield code="i">36105002195076</subfield>
            <subfield code="l">STACKS</subfield>
            <subfield code="m">SAL</subfield>
            <subfield code="t">STKS-MONO</subfield>
        </datafield>
        <datafield tag="999" ind1=" " ind2=" ">
            <subfield code="a">QD1 .C59 1972:P.1207-2456</subfield>
            <subfield code="w">LCPER</subfield>
            <subfield code="c">1</subfield>
            <subfield code="i">36105002195134</subfield>
            <subfield code="l">STACKS</subfield>
            <subfield code="m">SAL</subfield>
            <subfield code="t">STKS-MONO</subfield>
        </datafield>
    </record>